@ARTICLE{tb,
  title     = "A pipeline for testing drug mechanism of action and combination
               therapies: From microarray data to simulations via
               {Linear-In-Flux-Expressions}: Testing four-drug combinations for
               tuberculosis treatment",
  author    = "Denaro, Christopher and Merrill, Nathaniel J and McQuade, Sean T
               and Reed, Logan and Azer, Karim and Piccoli, Benedetto",
  journal   = "Math. Biosci.",
  year      = "2023",
}
